@article{Guadarrama-Olvera:14,
year={2014},
issn={0921-0296},
journal={Journal of Intelligent and Robotic Systems},
volume={73},
number={1-4},
doi={10.1007/s10846-013-9962-z},
title={Hard Real-Time Implementation of a Nonlinear Controller for the Quadrotor Helicopter},
url={http://dx.doi.org/10.1007/s10846-013-9962-z},
publisher={Springer Netherlands},
keywords={Nonlinear control; Trajectory tracking; Real-time systems; Quadrotor},
author={Guadarrama-Olvera, J.Rogelio and Corona-Sánchez, JoséJ. and Rodríguez-Cortés, H.},
pages={81-97},
language={English}
}

@article{Hansen:14,
author = {Hansen, Clint and Gibas, David and Honeine, Jean-Louis and Rezzoug, Nasser and Gorce, Philippe and Isableu, Brice}, 
title = {An inexpensive solution for motion analysis},
volume = {228}, 
number = {3}, 
pages = {165-170}, 
year = {2014}, 
doi = {10.1177/1754337114526868},  
URL = {http://pip.sagepub.com/content/228/3/165.abstract}, 
eprint = {http://pip.sagepub.com/content/228/3/165.full.pdf+html}, 
journal = {Proceedings of the Institution of Mechanical Engineers, Part P: Journal of Sports Engineering and Technology} 
}

@article{Lugo:14,
year={2014},
issn={0921-0296},
journal={Journal of Intelligent and Robotic Systems},
volume={73},
number={1-4},
doi={10.1007/s10846-013-9969-5},
title={Framework for Autonomous On-board Navigation with the AR.Drone},
url={http://dx.doi.org/10.1007/s10846-013-9969-5},
publisher={Springer Netherlands},
author={Jiménez Lugo, Jacobo and Zell, Andreas},
pages={401-412},
language={English}
}

@article{Reuder:12,
year={2012},
issn={1895-6572},
journal={Acta Geophysica},
volume={60},
number={5},
doi={10.2478/s11600-012-0042-8},
title={The Small Unmanned Meteorological Observer SUMO: Recent developments and applications of a micro-UAS for atmospheric boundary layer research},
url={http://dx.doi.org/10.2478/s11600-012-0042-8},
publisher={SP Versita},
author={Reuder, Joachim and Jonassen, MariusO. and Ólafsson, Haraldur},
pages={1454-1473},
language={English}
}

@article{Royo:11,
year={2011},
journal={Journal of Aerospace Computing, Information, and Communication},
volume={8},
number={7},
doi={doi: 10.2514/1.52672},
title={Autopilot Abstraction and Standardization for Seamless Integration of Unmanned Aircraft System Applications},
url={http://dx.doi.org/10.2514/1.52672},
publisher={American Institute of Aeronautics and Astronautics},
author={Royo, Pablo and Pastor, Enric and Barrado, Cristina and Santamaria, Eduard and Lopez, Juan and Prats, Xavier and Lema, Juan Manuel},
pages={197-223},
language={English}
}

@inproceedings{Pestana:13, 
author={Pestana, J. and Mellado-Bataller, I. and Changhong Fu and Sanchez-Lopez, J.L. and Mondragon, I.F. and Campoy, P.}, 
booktitle={Unmanned Aircraft Systems (ICUAS), 2013 International Conference on}, 
title={A general purpose configurable navigation controller for micro aerial multirotor vehicles}, 
year={2013}, 
month={May}, 
pages={557-564},  
doi={10.1109/ICUAS.2013.6564733},
}

@inProceedings{Bristeau:11,
author = {Pierre-Jean Bristeau, François Callou, David Vissière, Nicolas Petit}, 
editor = {}, 
title = {The Navigation and Control Technology Inside the AR.Drone Micro UAV}, 
booktitle = {18th IFAC World Congress}, 
volume = {}, 
publisher = {}, 
address = {Milano, Italy}, 
pages = {1477-1484}, 
year = {2011}, 
keywords = {Flying robots; Data-fusion; Low cost MEMS}
}

@inProceedings{Bouabdallah:07, 
author={Bouabdallah, S. and Siegwart, R.}, 
booktitle={Intelligent Robots and Systems, 2007. IROS 2007. IEEE/RSJ International Conference on}, 
title={Full control of a quadrotor}, 
year={2007}, 
month={Oct}, 
pages={153-158},  
doi={10.1109/IROS.2007.4399042},}